% Encoding: UTF-8

@Article{stoica2003chord,
  author    = {Stoica, Ion and Morris, Robert and Liben-Nowell, David and Karger, David R and Kaashoek, M Frans and Dabek, Frank and Balakrishnan, Hari},
  journal   = {IEEE/ACM Transactions on Networking (TON)},
  title     = {Chord: a scalable peer-to-peer lookup protocol for internet applications},
  year      = {2003},
  number    = {1},
  pages     = {17--32},
  volume    = {11},
  doi       = {10.1109/TNET.2002.808407},
  publisher = {IEEE Press},
}

@Book{Steen2017,
  author  = {Maarten van Steen and Andrew S. Tanenbaum},
  title   = {Distributed Systems},
  year    = {2017},
  edition = {3rd},
  isbn    = {978-15-430573-8-6},
  url     = {https://www.distributed-systems.net/index.php/books/ds3/},
}

@Comment{jabref-meta: databaseType:bibtex;}
